% Encoding: UTF-8

@conference{Indinger-2004,
author =    {Indinger, T. and Hickel, S. and Adams, N. A.},
title =     {3d-measurements in an adverse-pressure-gradient turbulent boundary
  layer over smooth and ribbed surfaces},
booktitle =   {{Proceedings of the 21st International Congress of
  Theoretical and Applied Mechanics}},
organizer = {{ICTAM}},
note =      {Warsaw, Poland},
year =      {2004}
}

@phdthesis{Indinger-2005,
author =    {Indinger, T.},
title =     {{Einfluss eines positiven Druckgradienten auf turbulente
                Grenzschichten an glatten und gerillten Oberfl\"{a}chen}},
year =      {2005},
school =    {TU M\"{u}nchen}
}

@Article{Hickel-2006,
  author  = {Hickel, S. and Kempe, T. and Adams, N. A.},
  title   = {Implicit large-eddy simulation applied to turbulent channel flow with periodic constrictions},
  journal = {Theoret. Comput. Fluid Dynamics},
  year    = {2008},
  volume  = {22},
  number  = {3},
  pages   = {227--242},
  doi     = {10.1007/s00162-007-0069-7},
}

@Book{Wilcox-2006,
  title     = {{Turbulence Modeling for CFD}},
  publisher = {DCW Industries},
  year      = {2006},
  author    = {{Wilcox, D.C.}},
  isbn      = {978-1-928729-08-2},
}

@Book{Pfannes-2018,
  title     = {Numerisch gekoppelte Simulation einer Brennkammer mit neuartigen K\"uhlkonzepten},
  publisher = {ITLR, Universit\"at Stuttgart, Master thesis Vol. 75},
  year      = {2018},
  author    = {Pfannes, P.},
  type      = {Master Thesis},
}

@Book{Weigand-2010,
  title     = {{Thermodynamik kompakt}},
  publisher = {{Springer}},
  year      = {{2010}},
  author    = {Weigand, B. and K\"ohler, J. and von Wolfersdorf, J.},
  edition   = {{2nd}},
}

@Book{Eckert-1959,
  title     = {{Heat and mass transfer}},
  publisher = {McGraw-Hill Book Company},
  year      = {1959},
  author    = {Eckert, E. R. G. and Drake, R. M., Jr.},
}

@InProceedings{Teresco-2005,
  author    = {J. D. Teresco and K. Devine and J. E. Flaherty},
  title     = {Partitioning and Dynamic Load Balancing for the Numerical Solution of Partial Differential Equations},
  booktitle = {Numerical Solution of Partial Differential Equations on Parallel Computers},
  year      = {2005},
  publisher = {Springer-Verlag},
}

@Comment{jabref-meta: databaseType:bibtex;}
