% Encoding: UTF-8

@article{Claudio-2018,
  author  = {Claudio, Z. and Giulia, R. and Simone, M. and Romain, H. and Claude, S. and Vincent, P. and Truffart, B.},
  title   = {Active and Passive Cooling Technologies for Thermal Management of Avionics in Helicopters: Loop Heat Pipes and Mini-Vapor Cycle Systems},
  journal = {Thermal Science and Engineering Progress},
  year    = {2018},
  volume  = {5},
  pages   = {107--116}
}

@article{Ho-2021,
  author  = {Ho, J. Y. and See, Y. S. and Leong, K. G. and Wong, T. N.},
  title   = {An Experimental Investigation of a PCM-Based Heat Sink Enhanced with a Topology-Optimized Tree-Like Structure},
  journal = {Energy Conversion and Management},
  year    = {2021},
  volume  = {245}
}

@inproceedings{Isaacs-2017,
  author    = {Isaacs, S. and Alatorre, D. A. and Sutherlin, G.},
  title     = {Development of a Lightweight and Low-Cost 3D-Printed Aluminum and PCM Panel for Thermal Management of CubeSat Applications},
  booktitle = {47th International Conference on Environmental Systems},
  year      = {2017},
  address   = {Charleston, South Carolina},
  organization = {ICES}
}

@article{Abdel-2024,
  author  = {Abdelrahman, M. E. and Soliman, A. M. A. and Kassab, M. and Hawwash, A. A.},
  title   = {Experimental and Numerical Investigations of an Open-Cell Copper Foam (OCCF)/Phase Change Material (PCM) Composite-Based Module for Satellite Avionics Thermal Management in a Thermal Vacuum Chamber (TVC)},
  journal = {Journal of Energy Storage},
  year    = {2024},
  volume  = {75}
}

@article{Xu-2022,
  author  = {Xu, Yu and Wang, Jiale and Li, Tong},
  title   = {Experimental Study on the Heat Transfer Performance of a Phase Change Material-Based Pin-Fin Heat Sink for Heat Dissipation in Airborne Equipment Under Hypergravity},
  journal = {Journal of Energy Storage},
  year    = {2022},
  volume  = {52}
}

@article{Pavia-2015,
  author  = {Pavia, K. V. and Mantelli, M. B. H. and Slongo, L. K.},
  title   = {Experimental Testing of Mini Heat Pipes Under Microgravity Conditions Aboard a Suborbital Rocket},
  journal = {Aerospace Science and Technology},
  year    = {2015},
  volume  = {45},
  pages   = {367--375}
}

@inproceedings{Yang-2015,
  author    = {Yang, K.},
  title     = {Ground Operations, Launch and Ascent Thermal Analysis Using Thermal Desktop},
  booktitle = {Thermal and Fluids Analysis Workshop},
  year      = {2015},
  address   = {NASA Goddard Space Flight Center, Silver Spring, MD},
  organization = {TFAWS}
}

@misc{ST-guide,
  author       = {STMicroelectronics},
  title        = {Guidelines for Thermal Management on STM32 Applications},
  year         = {2024}
}

@book{NASA-2023,
  author    = {Liles, Kaitlin and Amundsen, Ruth},
  title     = {NASA Passive Thermal Control Engineering Guidebook},
  publisher = {National Aeronautics and Space Administration},
  year      = {2023}
}

@book{Gilmore-2002,
  author    = {Gilmore, David G.},
  title     = {Spacecraft Thermal Control Handbook},
  publisher = {The Aerospace Press},
  year      = {2002},
  isbn      = {1-884989-11-X}
}

@inproceedings{Hume-2022,
  author    = {Hume, Peabody},
  title     = {Thermal Design for Spaceflight},
  booktitle = {Spacecraft Thermal Engineering Course},
  year      = {2022},
  organization = {NASA}
}

@book{Xingcun-2011,
  author    = {Xingcun, Colin},
  title     = {Advanced Materials for Thermal Management of Electronic Packaging},
  publisher = {Springer},
  year      = {2011},
  isbn      = {978-1-4419-7758-8}
}

@misc{NIST,
  author  = {U.S. Secretary of Commerce},
  title   = {NIST Chemistry WebBook},
  year    = {2025},
  url     = {https://webbook.nist.gov/},
  urldate = {2025-08-02}
}

@article{Stryker-1990,
  author  = {Stryker, P. C. and Sparrow, E. M.},
  title   = {Application of a Spherical Thermal Conductivity Cell to Solid n-Eicosane Paraffin},
  journal = {International Journal of Heat and Mass Transfer},
  year    = {1990},
  volume  = {99}
}

@article{Benbrika-2020,
  author  = {Benbrika, M. and Teggar, M. and Benbelhout, M. and Ismai, K. A. R.},
  title   = {Numerical Study of n-Eicosane Melting Inside a Horizontal Cylinder for Different Loading Rates},
  journal = {International Journal of Heat and Technology},
  year    = {2020},
  volume  = {38}
}

@article{Nazarychev-2022,
  author  = {Nazarychev, V. M. and Subbotin, M. V. and Ermakov, A. A. and Khrustalev, D. A. and Frolov, A. N. and Ovchinnikov, S. G. and Knyazev, A. V. and Churakov, A. V. and Novikov, A. V.},
  title   = {Cooling-Rate Computer Simulations for the Description of Crystallization of Organic Phase-Change Materials},
  journal = {International Journal of Molecular Sciences},
  year    = {2022},
  volume  = {23}
}

@misc{Thermal-Straps,
  title   = {Thermal Space and Thermal Straps},
  url     = {https://thermal-space.com/thermal-straps/},
  urldate = {2025-08-02}
}

@misc{AZ-Technology,
  title   = {AZ Technology LLC},
  url     = {https://www.aztechnology.com/product/1/az-93},
  urldate = {2025-08-12}
}

@misc{STM32,
  title   = {STM32H743ZGT6-Datasheet},
  url = {https://www.st.com/en/microcontrollers-microprocessors/stm32h743zg.html},
  urldate    = {2022-08-12}
}

@misc{fusion-vaporization,
  title   = {Enthalpy of Fusion and Enthalpy of Vaporization},
  howpublished = {\url{https://chem.libretexts.org/Bookshelves/General_Chemistry/ChemPRIME_(Moore_et_al.)/10\%3A_Solids_Liquids_and_Solutions/10.10\%3A_Enthalpy_of_Fusion_and_Enthalpy_of_Vaporization}},
  urldate = {2025-08-14}
}

@inproceedings{Deere-2011,
  author       = {Deere, Karen A. and Pao, S. Paul and Abdol-Hamid, Khaled S.},
  title        = {Computational Analysis of Ares I Roll Control System Jet Interaction Effects on Rolling Moment},
  booktitle    = {Proceedings of the 48th AIAA Aerospace Sciences Meeting},
  year         = {2011},
  month        = {January},
  note         = {AIAA Paper 2011-0172},
  publisher    = {American Institute of Aeronautics and Astronautics},
  address      = {Orlando, FL},
  reportNumber = {NF1676L-10667}
}

@misc{RunCam-Split4V2,
  author  = {{RunCam Technology Co., Ltd.}},
  title   = {RunCam Split 4 V2 User Manual},
  year    = {2020},
  url     = {https://www.runcam.com/download/split4k/RC_Split_4k_Manual_EN.pdf},
  urldate = {2025-08-14},
  note    = {Product manual (PDF)}
}

@misc{WE-ThebeII-UM-2024,
  author  = {{W{\"u}rth Elektronik eiSos GmbH \& Co. KG}},
  title   = {User Manual: Thebe-II (Order Code 2609031181000), Version 1.14},
  year    = {2024},
  url     = {https://www.we-online.com/components/products/manual/UM_Thebe-II_2609031181000%20(rev1.14).pdf},
  urldate = {2025-08-14},
  note    = {Radio module 868\,MHz, up to +27\,dBm TX power}
}

@misc{akamcae-udf,
  author  = {{AKAM CAE}},
  title   = {Phase Change Material Simulation in Ansys Fluent (Tutorial)},
  year    = {2023},
  url     = {https://akamcae.com/tutorials/phase-change-material-simulation-in-ansys-fluent/},
  urldate = {2025-08-17},
  note    = {Online tutorial}
}

@mastersthesis{Irving-2021,
  author  = {Irving, Hugh},
  title   = {An External {CFD} Study of the {HyEnD} {N2ORTH} Rocket},
  school  = {University College Dublin, School of Mechanical \& Materials Engineering},
  address = {Dublin, Ireland},
  year    = {2021},
  month   = {April},
  note    = {Master's thesis}
}

@inproceedings{Mooney-2020,
  author    = {Mooney, Joseph P. and Egana, Vanessa and Quinlan, Ruairi and Punch, Jeff},
  title     = {Effect of Multiple Heat Sources and Bend Angle on the Performance of Sintered Wicked Heat Pipes},
  booktitle = {19th IEEE Intersociety Conference on Thermal and Thermomechanical Phenomena in Electronic Systems (ITherm)},
  year      = {2020},
  publisher = {IEEE},
  address   = {Orlando, FL, USA},
  isbn      = {978-1-7281-9764-7}
}

@misc{HPMS-PGS,
  author       = {{HPMS Graphite}},
  title        = {Pyrolytic Graphite Sheet (PGS) – Thermally Conductive Graphite Sheets},
  howpublished = {\url{https://hpmsgraphite.com/pyrolyticgraphitesheet}},
  note         = {In-plane thermal conductivity up to \SI{1800}{\watt\per\meter\per\kelvin}, density 1.5–2.1 g/cm³ depending on thickness (\SIrange{12}{100}{\micro\meter})},
  urldate      = {2025-08-21}
}

@misc{Thermtest-DB,
  author       = {{Thermtest Inc.}},
  title        = {Materials Thermal Properties Database},
  year         = {2025},
  howpublished = {\url{https://thermtest.com/thermal-resources/materials-database}},
  note         = {Includes thermal conductivity and density data for copper and aluminium},
  urldate      = {2025-08-21}
}

@misc{QuickOhm-Heatpipe-5x400,
  author       = {{Quick-Ohm Küpper \& Co. GmbH}},
  title        = {Mesh Heatpipe 5{\texttimes}400\,mm (QG-SHP-D5-400MN)},
  year         = {2025},
  url          = {https://www.quick-ohm.de/mesh-heatpipe-5x400mm/qg-shp-d5-400mn},
  urldate      = {2025-08-22},
  note         = {Heatpipe product page}
}

@book{Anderson-2017,
  author    = {Anderson, John D.},
  title     = {Fundamentals of Aerodynamics},
  publisher = {McGraw-Hill Education},
  year      = {2017},
  edition   = {6th},
  address   = {New York, NY},
  isbn      = {978-1259129919}
}

@techreport{Stoney-1954,
  author      = {Stoney, William E. Jr.},
  title       = {Transonic Drag Measurements of Eight Body-Nose Shapes},
  institution = {National Advisory Committee for Aeronautics},
  address     = {Langley Aeronautical Laboratory, Langley Field, Va.},
  year        = {1954},
  month       = {February},
  number      = {NACA RM L53K17},
  note        = {Declassified October 14, 1957}
}

@misc{Weigand-2022,
  author       = {Weigand, Bernhard and von Wolfersdorf, Jens and Poser, Rico},
  title        = {Wärmeübertragung: Skript zur Vorlesung},
  year         = {2022},
  howpublished = {Vorlesungsskript, Institut für Thermodynamik der Luft- und Raumfahrt (ITLR), Universität Stuttgart},
  address      = {Stuttgart, Germany},
  note         = {Wintersemester 2022/2023}
}

@misc{Wolfersdorf-2014,
  author       = {von Wolfersdorf, Jens and Neumann, Prof. Dr.-Ing. and Bauer, Dr.-Ing.},
  title        = {Wärmestrahlung: Manuskript zur Vorlesung},
  year         = {2014},
  howpublished = {Vorlesungsskript, Institut für Thermodynamik der Luft- und Raumfahrt (ITLR), Universität Stuttgart},
  address      = {Stuttgart, Germany},
  note         = {Überarbeitete Version des Vorlesungsmanuskripts für den Diplomstudiengang Luft- und Raumfahrttechnik, Wintersemester 2011; aktualisiert WS 2014/2015}
}

@techreport{ISS-ATCS,
  author      = {{NASA Johnson Space Center} and {Boeing ATCS Team}},
  title       = {International Space Station Active Thermal Control System (ATCS) Overview},
  institution = {National Aeronautics and Space Administration},
  address     = {Houston, TX, USA},
  year        = {2006},
  note        = {Includes description of the ammonia-based External Active Thermal Control System (EATCS) and Early External Active Thermal Control System (EEATCS)},
}

@Comment{jabref-meta: databaseType:bibtex;}
